@inproceedings{articulo-clase,
author = {Joachims, Thorsten},
title = {Optimizing Search Engines Using Clickthrough Data},
year = {2002},
isbn = {158113567X},
publisher = {Association for Computing Machinery},
address = {New York, NY, USA},
url = {https://doi.org/10.1145/775047.775067},
doi = {10.1145/775047.775067},
booktitle = {Proceedings of the Eighth ACM SIGKDD International Conference on Knowledge Discovery and Data Mining},
pages = {133â€“142},
numpages = {10},
location = {Edmonton, Alberta, Canada},
series = {KDD '02}
}

@online{loinc,
	title = "{LOINC. Regenstrief Institute - Home}",
	howpublished = {\url{https://loinc.org/}},
	note = {(Accessed on 06/12/2022)}
}
